<record><leader>00000cas a22000007a 4500</leader><controlfield tag="001">14562842</controlfield><controlfield tag="008">861029d19031904pauwr ne      0    0eng d</controlfield><datafield ind1=" " ind2=" " tag="010"><subfield code="a">sn 86083312 </subfield></datafield><datafield ind1=" " ind2=" " tag="040"><subfield code="a">NPH</subfield><subfield code="b">eng</subfield><subfield code="c">NPH</subfield><subfield code="d">OCL</subfield><subfield code="d">OCLCQ</subfield></datafield><datafield ind1=" " ind2=" " tag="042"><subfield code="a">msc</subfield></datafield><datafield ind1="0" ind2=" " tag="130"><subfield code="a">Sunday leader (Wilkes-Barre, Pa.)</subfield></datafield><datafield ind1="1" ind2="4" tag="245"><subfield code="a">The Sunday leader.</subfield></datafield><datafield ind1="1" ind2="3" tag="246"><subfield code="a">Sunday morning leader</subfield></datafield><datafield ind1="1" ind2="7" tag="246"><subfield code="a">Wilkes-Barre Sunday morning leader</subfield></datafield><datafield ind1=" " ind2=" " tag="260"><subfield code="a">Wilkes-Barre, Pa. :</subfield><subfield code="b">Leader Pub. Co.,</subfield><subfield code="c">1903-</subfield></datafield><datafield ind1=" " ind2=" " tag="300"><subfield code="a">v. :</subfield><subfield code="b">ill.</subfield></datafield><datafield ind1=" " ind2=" " tag="310"><subfield code="a">Weekly</subfield></datafield><datafield ind1="0" ind2=" " tag="362"><subfield code="a">Vol. 18, no. 11 (Feb. 1, 1903)-</subfield></datafield><datafield ind1="1" ind2=" " tag="362"><subfield code="a">Ceased in 1904?</subfield></datafield><datafield ind1=" " ind2=" " tag="500"><subfield code="a">Editor: H.F. Whitcraft.</subfield></datafield><datafield ind1=" " ind2=" " tag="580"><subfield code="a">Also issued in a daily edition called: Wilkes-Barre leader.</subfield></datafield><datafield ind1=" " ind2=" " tag="752"><subfield code="a">United States</subfield><subfield code="b">Pennsylvania</subfield><subfield code="c">Luzerne</subfield><subfield code="d">Wilkes-Barre.</subfield></datafield><datafield ind1="1" ind2=" " tag="775"><subfield code="t">Wilkes-Barre leader</subfield><subfield code="w">(DLC)sn 86083415</subfield></datafield><datafield ind1="0" ind2="0" tag="780"><subfield code="t">Sunday morning leader (Wilkes-Barre, Pa.)</subfield><subfield code="w">(DLC)sn 86083313</subfield></datafield></record>